@comment{x-kbibtex-personnameformatting=<%l><, %f>}

@inproceedings{McEwan1,
	added-at = "2012-05-11T00:00:00.000+0200",
	author = "McEwan, Alistair Lee and Holder, David S. and Tapson, Jonathan and van Schaik, Andr{\'e}",
	booktitle = "{BIODEVICES (2)}",
	crossref = "conf/biostec/2008bd2",
	editor = "Filho, Teodiano Freire Bastos and Gamboa, Hugo",
	interhash = "55ded3427d2d0554cc198175212eba01",
	intrahash = "6e825923b1f3b50bc7c49a4e6ce0bb79",
	keywords = "dblp",
	note = "978-989-8111-17-3",
	pages = "196--203",
	publisher = "INSTICC - Institute for Systems and Technologies of Information, Control and Communication",
	title = "{Wide-Bandwidth, High Frame Rate Electrical Impedance Tomography / Spectroscopy - a Code Division Multiplexing (CDM) Approach.}",
	x-fetchedfrom = "Bibsonomy",
	year = "2008"
}

@article{wilkinson,
	author = "Wilkinson, A.J. and Randall, E.W. and Cilliers, J.J. and Durrett, D.R. and Naidoo, T. and Long, T.",
	doi = "10.1109/JSEN.2004.842445",
	issn = "1530-437X",
	journal = "Sensors Journal, IEEE",
	keywords = "Newton-Raphson method; calibration; data acquisition; data visualisation; electric impedance imaging; image reconstruction; real-time systems; tomography; ERT data capture system; aeration systems; capture rates; current pulse measuring system; electrical resistance tomography system; gas distribution; measuring tank; nonuniform slurries; parallel data acquisition; real ime visualization; reconstruct algorithm; single iteration Newton-Raphson method; switched dc current pulse technique; Calibration; Current measurement; Data acquisition; Data visualization; Electric resistance; Instruments; Newton method; Pulse measurements; Real time systems; Tomography; Calibration; current pulse; electrical resistance tomography (ERT); high speed",
	month = "April",
	number = "2",
	pages = "300--307",
	title = "{A 1000-measurement frames/second ERT data capture system with real-time visualization}",
	volume = "5",
	year = "2005"
}

@phdthesis{teague,
	author = "Teague, G.",
	institution = "University of Cape Town",
	lccn = "",
	publisher = "University of Cape Town",
	title = "{Mass Flow Measurements of Multi-Phase Mixtures by Means of \% Tomographic Techniques}",
	year = "2001"
}

@phdthesis{kotre,
	author = "Kotre, C.J.",
	school = "University of Newcastle-upon-Tyne",
	title = "{STUDIES OF IMAGE RECONSTRUCTION METHODS FOR ELECTRICAL IMPEDANCE TOMOGRAPHY }",
	year = "1993"
}

@article{tsoeu1,
	author = "Tsoeu, M.S. and Inggs, M.R.",
	doi = "10.1109/TBCAS.2015.2487321",
	issn = "1932-4545",
	journal = "Biomedical Circuits and Systems, IEEE Transactions on",
	keywords = "Electrodes; Frequency division multiplexing; Gold; Impedance; Tomography; Voltage measurement; Bio-impedance; biomedical imaging; code division multiplexing (CDM); current patterns; electrical impedance and diffuse optics reconstruction software (EIDORS); electrical impedance tomography (EIT); gold codes; imaging; reconstruction",
	number = "3",
	pages = "556--566",
	title = "{Fully Parallel Electrical Impedance Tomography Using Code Division Multiplexing}",
	volume = "10",
	year = "2015"
}

@book{kamen,
	author = "Kamen, E.W. and Heck, B.S.",
	booktitle = "{Fundamentals of Signals and Systems Using the Web and MATLAB}",
	location = "Upper Saddle River, New Jersey",
	publisher = "Prentice Hall",
	title = "{Fundamentals of Signals and Systems Using the Web and MATLAB}",
	year = "2000"
}

